@book{fedosejev2015react,
  title={React. js essentials},
  author={Fedosejev, Artemij},
  year={2015},
  publisher={Packt Publishing Ltd}
}